@article{billinghurst02,
  title={Augmented reality in education},
  author={Billinghurst, Mark},
  journal={New horizons for learning},
  volume={12},
  number={5},
  pages={1--5},
  year={2002}
}

@article{liarokapis04,
author = {Liarokapis, Fotis and Mourkoussis, Nikolaos and White, Martin and Darcy, Joe and Sifniotis, Maria and Petridis, Panagiotis and Basu, Anirban and Lister, Paul},
year = {2004},
month = {01},
pages = {},
title = {Web3D and augmented reality to support engineering education},
volume = {3},
journal = {World Transactions on Engineering and Technology Education}
}

@article{lee12,
  title={Augmented reality in education and training},
  author={Lee, Kangdon},
  journal={TechTrends},
  volume={56},
  number={2},
  pages={13--21},
  year={2012},
  publisher={Springer}
}

@article{yuen11,
  title={Augmented reality: An overview and five directions for AR in education},
  author={Yuen, Steve Chi-Yin and Yaoyuneyong, Gallayanee and Johnson, Erik},
  journal={Journal of Educational Technology Development and Exchange (JETDE)},
  volume={4},
  number={1},
  pages={11},
  year={2011}
}

@InProceedings{chen17,
author="Chen, Peng
and Liu, Xiaolin
and Cheng, Wei
and Huang, Ronghuai",
editor="Popescu, Elvira
and Kinshuk
and Khribi, Mohamed Koutheair
and Huang, Ronghuai
and Jemni, Mohamed
and Chen, Nian-Shing
and Sampson, Demetrios G.",
title="A review of using Augmented Reality in Education from 2011 to 2016",
booktitle="Innovations in Smart Learning",
year="2017",
publisher="Springer Singapore",
address="Singapore",
pages="13--18",
isbn="978-981-10-2419-1"
}

@article{kesim12,
title = {Augmented Reality in Education: Current Technologies and the Potential for Education},
journal = {Procedia - Social and Behavioral Sciences},
volume = {47},
pages = {297-302},
year = {2012},
note = {Cyprus International Conference on Educational Research (CY-ICER-2012)North Cyprus, US08-10 February, 2012},
issn = {1877-0428},
doi = {https://doi.org/10.1016/j.sbspro.2012.06.654},
url = {https://www.sciencedirect.com/science/article/pii/S1877042812023907},
author = {Mehmet Kesim and Yasin Ozarslan},
keywords = {Augmented Reality, Technologies for Augmented Reality Systems, Augmented Reality in Education},
}

@article{kose13,
title = {An Augmented Reality based Mobile Software to Support Learning Experiences in Computer Science Courses},
journal = {Procedia Computer Science},
volume = {25},
pages = {370-374},
year = {2013},
note = {2013 International Conference on Virtual and Augmented Reality in Education},
issn = {1877-0509},
doi = {https://doi.org/10.1016/j.procs.2013.11.045},
url = {https://www.sciencedirect.com/science/article/pii/S1877050913012507},
author = {Utku Kose and Durmus Koc and Suleyman Anil Yucesoy},
keywords = {augmented reality, e-learning, mobile software, computer science},
}

@article{bower14,
  title={Augmented Reality in education--cases, places and potentials},
  author={Bower, Matt and Howe, Cathie and McCredie, Nerida and Robinson, Austin and Grover, David},
  journal={Educational Media International},
  volume={51},
  number={1},
  pages={1--15},
  year={2014},
  publisher={Taylor \& Francis}
}

@inproceedings{resnyansky18,
  title={The potential of augmented reality for computer science education},
  author={Resnyansky, Dmitry and Ibili, Emin and Billinghurst, Mark},
  booktitle={2018 IEEE International Conference on Teaching, Assessment, and Learning for Engineering (TALE)},
  pages={350--356},
  year={2018},
  organization={IEEE}
}

@article{antonioli14,
 ISSN = {10716084, 15419258},
 URL = {http://www.jstor.org/stable/43604312},
 author = {Misty Antonioli and Corinne Blake and Kelly Sparks},
 journal = {The Journal of Technology Studies},
 number = {1/2},
 pages = {96--107},
 publisher = {Epsilon Pi Tau, Inc.},
 title = {Augmented Reality Applications in Education},
 volume = {40},
 year = {2014}
}

@article{kearsley02,
 ISSN = {00131962},
 URL = {http://www.jstor.org/stable/44428721},
 author = {Greg Kearsley},
 journal = {Educational Technology},
 number = {1},
 pages = {41--44},
 publisher = {Educational Technology Publications, Inc.},
 title = {Is Online Learning for Everybody?},
 volume = {42},
 year = {2002}
}
